@article{Bellman,
 author = {Bellman, Richard},
 title = {Dynamic Programming Treatment of the Travelling Salesman Problem},
 journal = {J. ACM},
 issue_date = {Jan. 1962},
 volume = {9},
 number = {1},
 month = jan,
 year = {1962},
 issn = {0004-5411},
 pages = {61--63},
 numpages = {3},
 url = {http://doi.acm.org/10.1145/321105.321111},
 doi = {10.1145/321105.321111},
 acmid = {321111},
 publisher = {ACM},
 address = {New York, NY, USA}
}

@article{HeldKarp,
author = {Michael Held and Richard M. Karp},
title = {A Dynamic Programming Approach to Sequencing Problems},
journal = {Journal of the Society for Industrial and Applied Mathematics},
volume = {10},
number = {1},
pages = {196-210},
year = {1962},
doi = {10.1137/0110015}
}